@misc{mono1,
    author    = "Kanjilal, J.",
    title     = "Pros and cons of monolithic vs. microservices architecture",
    note       = {\url{https://searchapparchitecture.techtarget.com/tip/Pros-and-cons-of-monolithic-vs-microservices-architecture}}
}

@misc{mono2,
    author    = "ul Haq, S. ",
    title     = "Introduction to Monolithic Architecture and MicroServices Architecture",
    note       = {\url{https://medium.com/koderlabs/introduction-to-monolithic-architecture-and-microservices-architecture-b211a5955c63}}
}

@misc{mono3,
    author    = "Kwiecień, A.",
    title     = "10 companies that implemented the microservice architecture and paved the way for others",
    note       = {\url{https://divante.com/blog/10-companies-that-implemented-the-microservice-architecture-and-paved-the-way-for-others/}}
}

@misc{mono4,
    author    = "Karwatka, P.",
    title     = "Monolithic architecture vs microservices",
    note       = {\url{https://divante.com/blog/monolithic-architecture-vs-microservices/}}
}

@misc{mono5,
    author    = "Mhetre, R.",
    title     = "When to choose Microservices Architecture Over Monolithic? Why?",
    note       = {\url{https://medium.com/@mhetreramesh/when-to-choose-microservices-architecture-over-monolithic-why-794aed04d8db}}
}

@misc{micro1,
    author    = "Ambassador",
    title     = "Microservices",
    note       = {\url{https://www.getambassador.io/learn/kubernetes-glossary/microservices/}}
}

@misc{micro2,
    author    = "Kubernetes",
    title     = "Rolling Update Deployment",
    note       = {\url{https://kubernetes.io/docs/concepts/workloads/controllers/deployment/#rolling-update-deployment}}
}

@misc{micro3,
    author    = "Lloyd, W. and Ramesh, S. and Chinthalapati, S. and Ly, L. and Pallickara, S.",
    title     = "Serverless Computing: An Investigation of Factors
Influencing Microservice Performance",
    note       = {\url{https://www.cs.colostate.edu/~shrideep/papers/ServerlessComputing-IC2E-2018.pdf}}
}

@misc{micro4,
    author    = "Dragoni, N. and Giallorenzo, S. and Lafuente, A. L. and Montesi, M. M. F. and Mustafin, R. and Safina, L.",
    title     = "Microservices: yesterday, today, and tomorrow",
    note       = {\url{https://arxiv.org/pdf/1606.04036.pdf}}
}

@misc{micro5,
    author    = "Mikhalchuk, O.",
    title     = "The importance of unit testing, or how bugs found in time will save you money",
    note       = {\url{https://fortegrp.com/the-importance-of-unit-testing/}}
}

@misc{micro6,
    author    = "Vignesh, T.v.",
    title     = "Building a boilerplate for Microservices — Part 1",
    note       = {\url{https://medium.com/techahoy/building-a-boilerplate-for-microservices-part-1-166ce00f5ce9}}
}

@misc{micro7,
    author    = "Nyfløtt, M. S.",
    title     = "Optimizing Inter-Service Communication Between Microservices",
    note       = {\url{https://ntnuopen.ntnu.no/ntnu-xmlui/bitstream/handle/11250/2479192/18340_FULLTEXT.pdf?sequence=1}}
}

@misc{micro8,
    author    = "Barashkov, A.",
    title     = "Microservices vs. Monolith Architecture",
    note       = {\url{https://dev.to/alex_barashkov/microservices-vs-monolith-architecture-4l1m}}
}

@misc{micro9,
    author    = "JOE NEMER",
    title     = "Advantages and Disadvantages of Microservices Architecture",
    note       = {\url{https://cloudacademy.com/blog/microservices-architecture-challenge-advantage-drawback/}}
}

@misc{serverless,
    author    = "Serverless",
    title     = "What is Serverless?",
    note       = {\url{https://www.serverless.com/learn/manifesto/}}
}

@misc{nano,
    author    = "Evan Klein",
    title     = "Nanoservices vs. Microservices",
    note       = {\url{https://logz.io/blog/nanoservices-vs-microservices/}}
}

@misc{research,
    author    = "Oreilly",
    title     = "Microservices Adoption in 2020",
    note       = {\url{https://www.oreilly.com/radar/microservices-adoption-in-2020/}}
}

@misc{oreilly,
    author    = "Oreilly",
    title     = "About us",
    note       = {\url{https://www.oreilly.com/about/}}
}

@misc{research2,
    author    = "Tom Smith",
    title     = "New Research Shows 63\% of Enterprises Are Adopting Microservices Architectures",
    note       = {\url{https://dzone.com/articles/new-research-shows-63-percent-of-enterprises-are-a}}
}

@misc{divante,
    author    = "Divante",
    title     = "About us",
    note       = {\url{https://divante.com/about-us}}
}